%% This BibTeX bibliography file was created using BibDesk.
%% http://bibdesk.sourceforge.net/


%% Created for Sean Mclaughlin at 2013-06-13 09:11:36 -0400 


%% Saved with string encoding Unicode (UTF-8) 


@string{arhandbook = {{Handbook of automated reasoning}}}

@string{cacm = {{Communications of the ACM}}}

@string{cade = {{Conference on automated deduction}}}

@string{csl = {{Computer science logic}}}

@string{entcs = {{Electronic Notes in Theoretical Computer Science}}}

@string{ijcai = {{International joint conference on artificial intelligence}}}

@string{ijcar = {{International Joint Conference of Automated Reasoning}}}

@string{jacm = {{Journal of the association for computing machinery}}}

@string{jar = {{Journal of automated reasoning}}}

@string{jlc = {{Journal of logic and computation}}}

@string{lics = {{Logic in Computer Science}}}

@string{lnai = {{Lecture notes in artificial intelligence}}}

@string{lncs = {{Lecture notes in computer science}}}

@string{mscs = {{Mathematical structures in computer science}}}

@string{popl = {{Symposium on Principles of Programming Languages (POPL)}}}

@string{springer = {{Springer-Verlag}}}

@string{tableaux = {{Analytic tableaux and related methods}}}

@string{tacas = {{Tools and algorithms for the construction and analysis of software}}}

@string{tcl = {{ACM transactions on computational logic}}}

@string{tcs = {{Theoretical computer science}}}


@book{Kleene.1952.Metamathematics,
	Address = {New York},
	Author = {S. C. Kleene},
	Date-Added = {2013-06-10 13:46:12 +0000},
	Date-Modified = {2013-06-10 13:46:12 +0000},
	Publisher = {Van Nostrand},
	Title = {Introduction to Metamathematics},
	Year = {1952}}

@article{Galmiche.2010.JANCL,
	Author = {Didier Galmiche and Yakoub Salhi},
	Date-Added = {2012-12-21 00:50:39 +0000},
	Date-Modified = {2012-12-21 00:51:12 +0000},
	Journal = {Journal of Applied Non-Classical Logics},
	Number = {4},
	Pages = {373--421},
	Title = {Label-free natural deduction systems for intuitionistic and classical modal logics},
	Volume = {20},
	Year = {2010},
	Bdsk-Url-1 = {http://dx.doi.org/10.3166/jancl.20.373-421}}

@article{Davies.2001.JACM,
	Author = {Rowan Davies and Frank Pfenning},
	Date-Added = {2012-12-21 00:43:46 +0000},
	Date-Modified = {2012-12-21 00:44:14 +0000},
	Journal = {Journal of the ACM},
	Month = may,
	Number = {3},
	Pages = {555--604},
	Title = {A Modal Analysis of Staged Computation},
	Volume = {48},
	Year = {2001}}

@inproceedings{Benzmuller.2012.ECAI,
	Author = {Christoph Benzm{\"u}ller and Jens Otten and Thomas Raths},
	Booktitle = {European Conference on Artificial Intelligence},
	Date-Added = {2012-12-21 00:39:37 +0000},
	Date-Modified = {2012-12-21 00:40:32 +0000},
	Editor = {Luc De Raedt and Christian Bessi{\`e}re and Didier Dubois and Patrick Doherty and Paolo Frasconi and Fredrik Heintz and Peter J. F. Lucas},
	Pages = {163--168},
	Series = {Frontiers in Artificial Intelligence and Applications},
	Title = {Implementing and Evaluating Provers for First-order Modal Logics},
	Volume = {242},
	Year = {2012},
	Bdsk-Url-1 = {http://www.booksonline.iospress.nl/Content/View.aspx?piid=31572}}

@article{Vorobev:1958:AMS,
	Annote = {Translated from the Russian in AMST, 1970},
	Author = {Vorob'ev, N.N.},
	Date-Added = {2012-12-14 16:13:06 +0000},
	Date-Modified = {2012-12-14 16:15:05 +0000},
	Journal = {American Mathematical Society Translations},
	Number = {2},
	Pages = {37--71},
	Title = {A new algorithm for derivability in the constructive propositional calculus},
	Volume = {94},
	Year = {1970}}

@techreport{Vorobev:,
	Date-Added = {2012-12-14 16:11:55 +0000},
	Date-Modified = {2012-12-14 16:13:02 +0000}}

@inproceedings{Raths.2012.IJCAR,
	Author = {Thomas Raths and Jens Otten},
	Bibdate = {2012-07-03},
	Bibsource = {DBLP, http://dblp.uni-trier.de/db/conf/cade/ijcar2012.html#RathsO12},
	Booktitle = {Automated Reasoning - 6th International Joint Conference, {IJCAR} 2012, Manchester, {UK}, June 26-29, 2012. Proceedings},
	Date-Added = {2012-12-08 21:45:28 +0000},
	Date-Modified = {2012-12-08 21:45:51 +0000},
	Editor = {Bernhard Gramlich and Dale Miller and Uli Sattler},
	Isbn = {978-3-642-31364-6},
	Pages = {454--461},
	Publisher = {Springer},
	Series = {Lecture Notes in Computer Science},
	Title = {The {QMLTP} Problem Library for First-Order Modal Logics},
	Url = {http://dx.doi.org/10.1007/978-3-642-31365-3},
	Volume = {7364},
	Year = {2012},
	Bdsk-Url-1 = {http://dx.doi.org/10.1007/978-3-642-31365-3}}

@phdthesis{Simmons:2012:Thesis,
	Author = {Robert J. Simmons},
	Date-Added = {2012-08-09 16:48:50 +0000},
	Date-Modified = {2012-08-09 16:49:38 +0000},
	Month = {August},
	School = {Carnegie Mellon University},
	Title = {Substructural Logical Specifications},
	Year = {2012}}

@inproceedings{Platzer.2009.ICFEM,
	Abstract = {
    Complex physical systems have several degrees of
    freedom. They only work correctly when their control
    parameters obey corresponding constraints. Based on the
    informal specification of the European Train Control
    System (ETCS), we design a controller for its
    cooperation protocol. For its free parameters, we
    successively identify constraints that are required to
    ensure collision freedom. We formally prove the
    parameter constraints to be sharp by characterizing
    them equivalently in terms of reachability properties
    of the hybrid system dynamics. Using our deductive
    verification tool KeYmaera, we formally verify
    controllability, safety, liveness, and reactivity
    properties of the ETCS protocol that entail collision
    freedom. We prove that the ETCS protocol remains
    correct even in the presence of perturbation by
    disturbances in the dynamics. We verify that safety is
    preserved when a PI controlled speed supervision is
    used.},
	Author = {Andr{\'e} Platzer and Jan-David Quesel},
	Booktitle = {Formal Methods and Software Engineering},
	Date-Added = {2012-08-01 20:34:55 +0000},
	Date-Modified = {2012-08-01 20:36:11 +0000},
	Editor = {Karin Breitman and Ana Cavalcanti},
	Pages = {246-265},
	Publisher = {Springer},
	Series = {LNCS},
	Title = {{European Train Control System}: A Case Study in Formal Verification},
	Volume = {5885},
	Year = {2009},
	Bdsk-Url-1 = {http://dx.doi.org/10.1007/978-3-642-10373-5_13}}

@inproceedings{Platzer.2008.IJCAR,
	Abstract = {KeYmaera is a hybrid verification tool for hybrid
		 systems that combines deductive, real algebraic, and
		 computer algebraic prover technologies. It is an
		 automated and interactive theorem prover for a natural
		 specification and verification logic for hybrid
		 systems. KeYmaera supports differential dynamic logic,
		 which is a real-valued first-order dynamic logic for
		 hybrid programs, a program notation for hybrid
		 automata. For automating the verification process,
		 KeYmaera implements a generalized free-variable sequent
		 calculus and automatic proof strategies that decompose
		 the hybrid system specification symbolically. To
		 overcome the complexity of real arithmetic, we
		 integrate real quantifier elimination following an
		 iterative background closure strategy. Our tool is
		 particularly suitable for verifying parametric hybrid
		 systems and has been used successfully for verifying
		 collision avoidance in case studies from train control
		 and air traffic management.},
	Author = {Andr{\'e} Platzer and Jan-David Quesel},
	Booktitle = ijcar,
	Date-Added = {2012-08-01 20:32:49 +0000},
	Date-Modified = {2012-08-01 20:33:23 +0000},
	Editor = {Alessandro Armando and Peter Baumgartner and Gilles Dowek},
	Pages = {171--178},
	Publisher = {Springer},
	Series = {LNCS},
	Title = {{KeYmaera}: {A} Hybrid Theorem Prover for Hybrid Systems.},
	Volume = {5195},
	Year = {2008},
	Bdsk-Url-1 = {http://symbolaris.com/pub/KeYmaera.pdf},
	Bdsk-Url-2 = {http://dx.doi.org/10.1007/978-3-540-71070-7_15}}

@article{McCune.JAR.1997,
	Author = {William McCune},
	Date-Added = {2012-08-01 17:23:39 +0000},
	Date-Modified = {2012-08-01 17:24:24 +0000},
	Journal = jar,
	Month = dec,
	Number = {3},
	Pages = {263--276},
	Title = {Solution of the {Robbins} Problem},
	Volume = {19},
	Year = {1997}}

@inproceedings{Murphy.2004.LICS,
	Author = {Tom Murphy VII and Karl Crary and Robert Harper and Frank Pfenning},
	Booktitle = lics,
	Date-Added = {2012-05-24 15:21:06 +0000},
	Date-Modified = {2012-05-24 15:25:52 +0000},
	Pages = {286--295},
	Publisher = {IEEE Computer Society},
	Title = {A Symmetric Modal Lambda Calculus for Distributed Computing},
	Year = {2004},
	Bdsk-Url-1 = {http://doi.ieeecomputersociety.org/10.1109/LICS.2004.1319623}}

@incollection{Clarke.2001.Handbook,
	Author = {Edmund M. Clarke and Bernd-Holger Schlingloff},
	Booktitle = {Handbook of Automated Reasoning},
	Date-Added = {2012-05-24 15:15:01 +0000},
	Date-Modified = {2012-05-24 15:15:55 +0000},
	Editor = {John Alan Robinson and Andrei Voronkov},
	Pages = {1635--1790},
	Publisher = {Elsevier and MIT Press},
	Title = {Model Checking},
	Year = {2001}}

@misc{Pfenning.2010.ModalLogic,
	Author = {Frank Pfenning and Andr\'{e} Platzer},
	Date-Added = {2012-05-23 17:14:10 +0000},
	Date-Modified = {2012-05-23 17:15:53 +0000},
	Howpublished = {Lecture Notes},
	Title = {Modal Logic},
	Year = {2010}}

@article{Degtyarev.1996.TCS,
	Author = {Anatoli Degtyarev and Andrei Voronkov},
	Date-Added = {2012-05-17 15:24:10 +0000},
	Date-Modified = {2012-05-17 15:24:46 +0000},
	Journal = {Theoretical Computer Science},
	Number = {1--2},
	Pages = {291--300},
	Title = {The undecidability of simultaneous rigid {E}-unification},
	Volume = {166},
	Year = {1996},
	Bdsk-Url-1 = {http://www.elsevier.com/cgi-bin/cas/tree/store/tcs/cas_sub/browse/browse.cgi?year=1996&volume=166&issue=1-2&aid=2295}}

@misc{Pfenning.2004.TheoremProvingLectureNotes,
	Author = {Frank Pfenning},
	Date-Added = {2012-05-10 14:39:39 +0000},
	Date-Modified = {2012-08-02 12:52:49 +0000},
	Howpublished = {Lecture Notes},
	Title = {Automated Theorem Proving},
	Year = {2004}}

@unpublished{McCune:2010:Prover9,
	Author = {William McCune},
	Date-Added = {2012-05-10 12:25:38 +0000},
	Date-Modified = {2012-05-10 12:26:00 +0000},
	Note = {\verb|http://www.cs.unm.edu/~mccune/prover9/|},
	Title = {Prover9 and Mace4},
	Year = {2005--2010}}

@inproceedings{McCune.1990.CADE,
	Author = {William McCune},
	Booktitle = cade,
	Date-Added = {2012-05-10 12:23:56 +0000},
	Date-Modified = {2012-05-10 12:24:51 +0000},
	Editor = {Mark E. Stickel},
	Pages = {663--664},
	Publisher = {Springer},
	Series = {Lecture Notes in Computer Science},
	Title = {{OTTER} 2.0},
	Volume = {449},
	Year = {1990},
	Bdsk-Url-1 = {http://dx.doi.org/10.1007/3-540-52885-7_131}}

@article{Sahlin.1992.JLC,
	Author = {Dan Sahlin and Torkel Franz{\'e}n and Seif Haridi},
	Date-Added = {2012-05-04 19:21:32 +0000},
	Date-Modified = {2012-05-04 19:21:32 +0000},
	Journal = {Journal of Logic and Computation},
	Month = oct,
	Number = {5},
	Pages = {619--656},
	Title = {An Intuitionistic Predicate Logic Theorem Prover},
	Volume = {2},
	Year = {1992}}

@misc{Dyckhoff.1997.LJT,
	Author = {Roy Dyckhoff},
	Date-Added = {2012-05-04 19:05:29 +0000},
	Date-Modified = {2013-01-12 20:53:13 +0000},
	Title = {A Prolog implementation of {LJT}},
	Url = {http://www.cs.st-andrews.ac.uk/~rd/logic/nonmac/LJT.pl.html},
	Year = {1997},
	Bdsk-Url-1 = {http://www.cs.st-andrews.ac.uk/~rd/logic/nonmac/LJT.pl.html}}

@techreport{Franzen.1989.SICS,
	Address = {Stockholm},
	Author = {Torkel Franz{\'e}n},
	Date-Added = {2012-05-04 18:57:45 +0000},
	Date-Modified = {2012-05-04 18:59:20 +0000},
	Institution = {Swedish Institute of Computer Science},
	Number = {89:006},
	Title = {Algorithmic Aspects of Intuitionistic Propositional Logic II},
	Type = {Research Report},
	Year = {1989}}

@inproceedings{Stoughton.1996.CADE,
	Author = {Allen Stoughton},
	Booktitle = {CADE-13 Workshop on Proof Search in Type-Theoretic Languages},
	Date-Added = {2012-05-04 18:53:09 +0000},
	Date-Modified = {2012-05-04 18:55:04 +0000},
	Pages = {109--116},
	Title = {porgi: a {P}roof-{O}r-{R}efutation {G}enerator for {I}ntuitionistic propositional logic},
	Year = 1996,
	Bdsk-Url-1 = {ftp://ftp.cis.ksu.edu/pub/CIS/Stoughton/porgi.ps.gz}}

@inproceedings{Mendler.1996.Tableaux,
	Author = {Michael Mendler},
	Booktitle = tableaux,
	Date-Added = {2012-05-04 17:46:49 +0000},
	Date-Modified = {2012-05-04 17:47:19 +0000},
	Editor = {P. Migliolo and U. Moscato and D. Mundici and M. Ornaghi},
	Pages = {261--277},
	Publisher = {Springer},
	Series = {LNAI},
	Title = {A timing refinement of intuitionistic proofs and its application to the timing analysis of combinational circuits},
	Volume = {1071},
	Year = {1996}}

@inproceedings{Dyckhoff.1995.SG,
	Author = {Luis Pinto and Roy Dyckhoff},
	Booktitle = {Symposia Gaussiana, Conference~A},
	Date-Added = {2012-05-04 17:36:56 +0000},
	Date-Modified = {2012-05-04 17:46:45 +0000},
	Editor = {Behara and Fritsch and Lintz},
	Pages = {225--232},
	Publisher = {Walter de Gruyter, Berlin},
	Title = {Loop-free construction of counter-models for intuitionistic propositional logic},
	Year = {1995}}

@inproceedings{Gore.2012.IJCAR,
	Author = {Rajeev Gor\'e and Jimmy Thomson},
	Booktitle = ijcar,
	Date-Added = {2012-05-04 12:36:39 +0000},
	Date-Modified = {2012-05-04 18:10:27 +0000},
	Editor = {XXX},
	Pages = {XXX},
	Title = {BDD-based Automated Reasoning for Propositional Bi-Intuitionistic Tense Logics},
	Volume = {XXX},
	Year = {2012}}

@techreport{Franzen.1987.SICS,
	Address = {Stockholm},
	Author = {Torkel Franz{\'e}n},
	Date-Added = {2012-05-04 12:31:32 +0000},
	Date-Modified = {2012-05-04 18:59:13 +0000},
	Institution = {Swedish Institute of Computer Science},
	Number = {87:010B},
	Title = {Algorithmic Aspects of Intuitionistic Propositional Logic},
	Type = {Research Report},
	Year = {1987}}

@inproceedings{Avellone.1996.Tableaux,
	Author = {Alessandro Avellone and Mauro Ferrari},
	Booktitle = tableaux,
	Date-Added = {2012-05-04 00:32:45 +0000},
	Date-Modified = {2012-05-04 00:32:45 +0000},
	Editor = {P. Migliolo and U. Moscato and D. Mundici and M. Ornaghi},
	Pages = {48--64},
	Publisher = {Springer},
	Series = {LNAI},
	Title = {Almost duplication-free tableau calculi for propositional {Lax} logics},
	Volume = {1071},
	Year = {1996}}

@inproceedings{Schmitt.2001.IJCAR,
	Author = {Stephan Schmitt and Lori Lorigo and Christoph Kreitz and Aleksey Nogin},
	Booktitle = ijcar,
	Date-Added = {2012-05-04 00:25:36 +0000},
	Date-Modified = {2012-05-04 00:27:34 +0000},
	Editor = {Rajeev Gor{\'e} and Alexander Leitsch and Tobias Nipkow},
	Pages = {421--426},
	Publisher = {Springer},
	Series = {Lecture Notes in Computer Science},
	Title = {{JP}rover: Integrating Connection-Based Theorem Proving into Interactive Proof Assistants},
	Volume = {2083},
	Year = {2001},
	Bdsk-Url-1 = {http://dx.doi.org/10.1007/3-540-45744-5_34}}

@inproceedings{Zeilberger.2008.POPL,
	Author = {Noam Zeilberger},
	Booktitle = popl,
	Date-Added = {2012-05-03 15:53:14 +0000},
	Date-Modified = {2012-05-03 15:56:46 +0000},
	Editor = {George C. Necula and Philip Wadler},
	Pages = {359--369},
	Publisher = {ACM},
	Title = {Focusing and higher-order abstract syntax},
	Year = 2008}

@article{Girard.1991.MSCS,
	Author = {{Jean-Yves} Girard},
	Date-Added = {2012-05-02 21:09:24 +0000},
	Date-Modified = {2012-05-02 21:11:23 +0000},
	Journal = mscs,
	Month = nov,
	Number = {3},
	Pages = {255--296},
	Title = {A new constructive logic: classical logic},
	Volume = {1},
	Year = {1991}}

@inproceedings{Zeilberger.2010.LICS,
	Author = {Noam Zeilberger},
	Booktitle = lics,
	Date-Added = {2012-05-02 20:05:42 +0000},
	Date-Modified = {2012-05-02 20:07:13 +0000},
	Pages = {219--227},
	Publisher = {IEEE Computer Society},
	Title = {Polarity and the Logic of Delimited Continuations},
	Year = {2010},
	Bdsk-Url-1 = {http://doi.ieeecomputersociety.org/10.1109/LICS.2010.23}}

@article{Sutcliffe.2002.AI,
	Author = {Pelletier, F.J. and Sutcliffe, G. and Suttner, C.B.},
	Date-Added = {2012-04-25 15:23:49 -0400},
	Date-Modified = {2012-04-25 15:24:04 -0400},
	Journal = {AI Communications},
	Number = {2-3},
	Pages = {79-90},
	Title = {{The Development of CASC}},
	Volume = {15},
	Year = {2002}}

@article{Sutcliffe.2006.AI,
	Author = {Sutcliffe, G. and Suttner, C.},
	Date-Added = {2012-04-25 15:23:15 -0400},
	Date-Modified = {2012-04-25 15:23:39 -0400},
	Journal = {AI Communications},
	Number = {1},
	Pages = {35-48},
	Title = {{The State of CASC}},
	Volume = {19},
	Year = {2006}}

@book{Graf.1996.TermIndexing,
	Author = {Peter Graf},
	Date-Added = {2012-04-25 11:58:49 -0400},
	Date-Modified = {2012-04-25 11:59:04 -0400},
	Publisher = {Springer},
	Series = lncs,
	Title = {Term Indexing},
	Volume = 1053,
	Year = 1996}

@inproceedings{Voronkov.1999.CADE,
	Address = {Berlin},
	Author = {Alexandre Riazanov and Andrei Voronkov},
	Booktitle = cade,
	Date-Added = {2012-04-24 13:58:35 -0400},
	Date-Modified = {2012-04-24 14:00:23 -0400},
	Editor = {Harald Ganzinger},
	Isbn = {3-540-66222-7},
	Month = jul # {~7--10},
	Pages = {292--296},
	Publisher = {Springer},
	Series = {LNAI},
	Title = {Vampire},
	Volume = {1632},
	Year = {1999}}

@inproceedings{Voronkov.1999.CADEa,
	Address = {Berlin},
	Author = {Andrei Voronkov},
	Booktitle = cade,
	Date-Modified = {2012-03-04 08:41:14 -0500},
	Editor = {H. Ganzinger},
	Pages = {383--387},
	Publisher = {Springer},
	Series = {LNAI},
	Title = {\rotatebox[]{180}{K}: {A} theorem prover for {K}},
	Volume = 1632,
	Year = 1999}

@inproceedings{Barnett.2005.CASSIS,
	Author = {Mike Barnett and K. Rustan M. Leino and Wolfram Schulte},
	Booktitle = {Post Conference Proceedings of {CASSIS}: Construction and Analysis of Safe, Secure and Interoperable Smart devices, Marseille},
	Date-Added = {2012-04-24 13:57:00 -0400},
	Date-Modified = {2012-05-03 22:42:47 +0000},
	Editor = {Gilles Barthe and Lilian Burdy and Marieke Huisman and Jean-Louis Lanet and Traian Muntean},
	Pages = {49--69},
	Publisher = {Springer-Verlag},
	Series = {LNCS},
	Title = {The {Spec\#} Programming System: an Overview},
	Volume = {3362},
	Year = {2005},
	Bdsk-Url-1 = {http://www.springerlink.com/openurl.asp?genre=article&issn=0302-9743&volume=3362&spage=151}}

@article{Voronkov.2001.TCL,
	Author = {Voronkov},
	Date-Added = {2012-04-17 16:05:48 -0700},
	Date-Modified = {2012-04-17 16:07:16 -0700},
	Journal = {ACM Transactions on Computational Logic},
	Pages = {182--215},
	Title = {How to Optimize Proof-Search in Modal Logics: New Methods of Proving Redundancy Criteria for Sequent Calculi},
	Volume = {2},
	Year = {2001}}

@book{Pfenning.LectureNotes.ConstructiveLogic,
	Author = {Frank Pfenning},
	Date-Added = {2012-04-14 13:52:51 -0400},
	Date-Modified = {2012-04-17 14:45:06 -0700},
	Publisher = {http://www.cs.cmu.edu/~fp},
	Title = {Constructive Logic (Course notes)},
	Year = {2003}}

@inproceedings{Lamarche.1995.LICS,
	Address = {San Diego, California},
	Author = {Fran{\c{c}}ois Lamarche},
	Booktitle = lics,
	Date-Added = {2012-04-14 08:58:39 -0400},
	Date-Modified = {2012-04-14 09:03:49 -0400},
	Month = {26--29 } # jun,
	Organization = {IEEE Computer Society Press},
	Pages = {464--473},
	Title = {Games Semantics for Full Propositional Linear Logic},
	Year = {1995}}

@article{Statman.1979.TCS,
	Author = {Richard Statman},
	Date-Added = {2012-03-08 22:12:09 -0500},
	Date-Modified = {2012-03-08 22:12:09 -0500},
	Journal = tcs,
	Month = jul,
	Number = {1},
	Pages = {67--72},
	Title = {Intuitionistic Propositional Logic is Polynomial-Space Complete},
	Volume = {9},
	Year = {1979}}

@article{Lifschitz.1989.JAR,
	Author = {Vladimir Lifschitz},
	Date-Added = {2012-03-08 21:57:00 -0500},
	Date-Modified = {2012-03-08 21:57:06 -0500},
	Journal = jar,
	Key = {Lifschitz},
	Month = mar,
	Number = {1},
	Pages = {1--24},
	Title = {What Is the Inverse Method?},
	Volume = {5},
	Year = {1989}}

@inproceedings{Voronkov.2001.IJCAR,
	Author = {Robert Nieuwenhuis and Thomas Hillenbrand and Alexandre Riazanov and Andrei Voronkov},
	Bibdate = {2011-06-28},
	Bibsource = {DBLP, http://dblp.uni-trier.de/db/conf/cade/ijcar2001.html#NieuwenhuisHRV01},
	Booktitle = ijcar,
	Date-Added = {2012-03-07 18:36:18 -0500},
	Date-Modified = {2012-03-07 18:37:23 -0500},
	Editor = {Rajeev Gor{\'e} and Alexander Leitsch and Tobias Nipkow},
	Isbn = {3-540-42254-4},
	Pages = {257--271},
	Publisher = {Springer},
	Series = {Lecture Notes in Computer Science},
	Title = {On the Evaluation of Indexing Techniques for Theorem Proving},
	Url = {http://dx.doi.org/10.1007/3-540-45744-5_19},
	Volume = {2083},
	Year = {2001},
	Bdsk-Url-1 = {http://dx.doi.org/10.1007/3-540-45744-5_19}}

@inproceedings{Hoder.2009.KI,
	Author = {Krystof Hoder and Andrei Voronkov},
	Bibdate = {2009-09-30},
	Bibsource = {DBLP, http://dblp.uni-trier.de/db/conf/ki/ki2009.html#HoderV09},
	Booktitle = {{KI} 2009: Advances in Artificial Intelligence, 32nd Annual German Conference on {AI}, Paderborn, Germany, September 15-18, 2009. Proceedings},
	Date-Added = {2012-03-07 18:23:59 -0500},
	Date-Modified = {2012-03-07 18:24:13 -0500},
	Editor = {B{\"a}rbel Mertsching and Marcus Hund and Muhammad Zaheer Aziz},
	Isbn = {978-3-642-04616-2},
	Pages = {435--443},
	Publisher = {Springer},
	Series = {Lecture Notes in Computer Science},
	Title = {Comparing Unification Algorithms in First-Order Theorem Proving},
	Url = {http://dx.doi.org/10.1007/978-3-642-04617-9},
	Volume = {5803},
	Year = {2009},
	Bdsk-Url-1 = {http://dx.doi.org/10.1007/978-3-642-04617-9}}

@inproceedings{Voronkov.2000.LICS,
	Author = {Andrei Voronkov},
	Booktitle = lics,
	Date-Added = {2012-03-05 00:18:57 -0500},
	Date-Modified = {2012-03-05 00:19:55 -0500},
	Pages = {401--412},
	Publisher = {IEEE},
	Title = {How to Optimize Proof-Search in Modal Logics: {A} New Way of Proving Redundancy Criteria for Sequent Calculi},
	Year = {2000}}

@article{Egly.1999.FI,
	Author = {Uwe Egly and Stephan Schmitt},
	Date-Added = {2012-03-04 10:16:25 -0500},
	Date-Modified = {2012-03-04 10:16:49 -0500},
	Journal = {Fundamenta Informatica},
	Number = {1-2},
	Pages = {59--83},
	Title = {On Intuitionistic Proof Transformations, their Complexity, and Application to Constructive Program Synthesis},
	Volume = {39},
	Year = {1999},
	Bdsk-Url-1 = {http://dx.doi.org/10.3233/FI-1999-391204}}

@inproceedings{Mera.2010.Gurevich,
	Author = {Sergio Mera and Nikolaj Bj{\o}rner},
	Booktitle = {Fields of Logic and Computation, Essays Dedicated to Yuri Gurevich on the Occasion of His 70th Birthday},
	Date-Added = {2012-03-04 09:37:42 -0500},
	Date-Modified = {2012-03-04 09:37:54 -0500},
	Editor = {Andreas Blass and Nachum Dershowitz and Wolfgang Reisig},
	Pages = {504--528},
	Publisher = {Springer},
	Series = {Lecture Notes in Computer Science},
	Title = {{DKAL} and {Z3}: {A} Logic Embedding Experiment},
	Volume = {6300},
	Year = {2010},
	Bdsk-Url-1 = {http://dx.doi.org/10.1007/978-3-642-15025-8}}

@incollection{Waaler.2001.Handbook,
	Author = {Arild Waaler},
	Booktitle = arhandbook,
	Date-Added = {2012-03-04 08:59:05 -0500},
	Date-Modified = {2012-03-04 08:59:26 -0500},
	Editor = {John Alan Robinson and Andrei Voronkov},
	Pages = {1487--1578},
	Publisher = {Elsevier and MIT Press},
	Title = {Connections in Nonclassical Logics},
	Year = {2001}}

@inproceedings{Voronkov.1992.CADE,
	Author = {Andrei Voronkov},
	Booktitle = cade,
	Date-Added = {2012-03-04 08:58:02 -0500},
	Date-Modified = {2012-03-04 08:58:27 -0500},
	Editor = {Deepak Kapur},
	Pages = {648--662},
	Publisher = {Springer-Verlag},
	Series = {LNAI 607},
	Title = {Theorem proving in non-standard logics based on the inverse method},
	Year = {1992}}

@incollection{Degtyarev.2001.Handbook,
	Author = {Anatoli Degtyarev and Andrei Voronkov},
	Booktitle = arhandbook,
	Date-Added = {2012-03-04 08:55:33 -0500},
	Date-Modified = {2012-03-04 08:56:16 -0500},
	Editor = {John Alan Robinson and Andrei Voronkov},
	Pages = {611--706},
	Publisher = {Elsevier and MIT Press},
	Title = {Equality Reasoning in Sequent-Based Calculi},
	Year = {2001}}

@inproceedings{Voronkov.1996.CADE,
	Address = {Berlin},
	Author = {Andrei Voronkov},
	Booktitle = cade,
	Date-Added = {2012-03-04 08:49:56 -0500},
	Date-Modified = {2012-03-04 08:50:21 -0500},
	Editor = {M. A. McRobbie and J. K. Slaney},
	Pages = {32--46},
	Publisher = {Springer},
	Series = {LNAI},
	Title = {Proof-search in intuitionistic logic with equality, or back to simultaneous rigid {E-Unification}},
	Volume = {1104},
	Year = {1996}}

@inproceedings{Voronkov.1996.Tableaux,
	Author = {Andrei Voronkov},
	Booktitle = tableaux,
	Date-Added = {2012-03-04 08:48:39 -0500},
	Date-Modified = {2012-03-04 08:49:00 -0500},
	Editor = {Pirangelo Miglioli and Ugo Moscato and Daniele Mundici and Mario Ornaghi},
	Pages = {312--329},
	Publisher = {Springer-Verlag},
	Series = {LNCS},
	Title = {Proof Search in Intuitionistic Logic Based on Constraint Satisfaction},
	Volume = {1071},
	Year = {1996}}

@incollection{Tammet.1996.CADE,
	Address = {Berlin},
	Author = {Tanel Tammet},
	Booktitle = cade,
	Date-Modified = {2012-03-03 11:46:22 -0500},
	Editor = {M. A. McRobbie and J. K. Slaney},
	Pages = {2--16},
	Publisher = {Springer-Verlag},
	Series = {Lecture Notes in Artificial Intelligence},
	Title = {A resolution theorem prover for intuitionistic logic},
	Volume = {1104},
	Year = {1996}}

@inproceedings{Banchilon.1986.PDS,
	Author = {Fran{\c{c}}ois Bancilhon and David Maier and Yehoshua Sagiv and Jeffrey D. Ullman},
	Booktitle = {Proceedings of the Fifth {ACM} {SIGACT}-{SIGMOD} Symposium on Principles of Database Systems},
	Date-Added = {2012-03-03 11:14:05 -0500},
	Date-Modified = {2012-03-03 11:14:42 -0500},
	Pages = {1--16},
	Title = {Magic Sets and Other Strange Ways to Implement Logic Programs},
	Year = {1986}}

@article{Pientka.2008.TCS,
	Author = {Brigitte Pientka and Xi Li and Florent Pompigne},
	Bibdate = {2008-01-30},
	Date-Added = {2012-03-03 11:09:39 -0500},
	Date-Modified = {2012-03-03 11:10:36 -0500},
	Journal = entcs,
	Pages = {95--112},
	Title = {Focusing the Inverse Method for {LF}: {A} Preliminary Report},
	Volume = {196},
	Year = {2008},
	Bdsk-Url-1 = {http://dx.doi.org/10.1016/j.entcs.2007.09.020}}

@inproceedings{Otten.1997.Tableaux,
	Address = {Berlin},
	Author = {Jens Otten},
	Booktitle = tableaux,
	Date-Added = {2012-03-03 11:00:26 -0500},
	Date-Modified = {2012-03-03 11:00:40 -0500},
	Editor = {Didier Galmiche},
	Month = may # {~13--16},
	Pages = {307--312},
	Publisher = {Springer},
	Series = {LNAI},
	Title = {{ileanTAP}: An Intuitionistic Theorem Prover},
	Volume = {1227},
	Year = {1997}}

@inproceedings{Otten.1996.Tableaux,
	Address = {Berlin},
	Author = {Jens Otten and Christoph Kreitz},
	Booktitle = tableaux,
	Date-Added = {2012-03-03 10:59:32 -0500},
	Date-Modified = {2012-03-03 10:59:54 -0500},
	Editor = {P. Migliolo and U. Moscato and D. Mundici and M. Ornaghi},
	Pages = {244--260},
	Publisher = {Springer},
	Series = {LNAI},
	Title = {{T}-string-unification: unifying prefixes in non-classical proof methods},
	Volume = {1071},
	Year = {1996}}

@inproceedings{Otten.1995.Tableaux,
	Address = {Berlin},
	Author = {Jens Otten and Christoph Kreitz},
	Booktitle = tableaux,
	Date-Added = {2012-03-03 10:58:18 -0500},
	Date-Modified = {2012-03-03 10:58:47 -0500},
	Editor = {Peter Baumgartner and Reiner H{\"a}hnle and Joachim Posegga},
	Month = may,
	Pages = {122--137},
	Publisher = {Springer},
	Series = {LNAI},
	Title = {A Connection Based Proof Method for Intuitionistic Logic},
	Volume = {918},
	Year = {1995}}

@article{Kreitz.1999.JUCS,
	Author = {Christoph Kreitz and Jens Otten},
	Date-Added = {2012-03-03 10:56:57 -0500},
	Date-Modified = {2012-03-03 10:57:32 -0500},
	Journal = {Journal of Universal Computer Science},
	Number = {3},
	Pages = {88--112},
	Title = {Connection-based Theorem Proving in Classical and Non-classical Logics},
	Volume = {5},
	Year = {1999},
	Bdsk-Url-1 = {http://www.jucs.org/jucs_5_3/connection_based_theorem_proving}}

@phdthesis{Simpson.1994.Thesis,
	Author = {Alex K. Simpson},
	Date-Added = {2012-03-03 10:54:37 -0500},
	Date-Modified = {2012-03-03 10:55:02 -0500},
	School = {University of Edinburgh},
	Title = {The proof theory and semantics of intuitionistic modal logic},
	Year = {1994}}

@article{Gottlob.1985.JACM,
	Author = {G. Gottlob and A. Leitsch},
	Date-Added = {2012-03-03 10:50:52 -0500},
	Date-Modified = {2012-03-03 10:51:08 -0500},
	Journal = jacm,
	Number = {2},
	Pages = {280--295},
	Title = {On the Efficiency of Subsumption Algorithms},
	Volume = {32},
	Year = {1985}}

@phdthesis{Ohlbach.1988.Thesis,
	Author = {Hans J{\"u}rgen Ohlbach},
	Bibdate = {2011-03-23},
	Date-Added = {2012-03-03 10:44:13 -0500},
	Date-Modified = {2012-03-03 10:44:27 -0500},
	Pages = {1--115},
	School = {Universit{\"a}t Kaiserslautern},
	Title = {A Resolution Calculus for Modal Logics},
	Year = {1988}}

@inproceedings{Ohlbach.1988.CADE,
	Author = {Hans J{\"u}rgen Ohlbach},
	Booktitle = cade,
	Date-Added = {2012-03-03 10:43:38 -0500},
	Date-Modified = {2012-03-03 10:43:59 -0500},
	Editor = {Ewing L. Lusk and Ross A. Overbeek},
	Pages = {500--516},
	Publisher = {Springer},
	Series = {Lecture Notes in Computer Science},
	Title = {A Resolution Calculus for Modal Logics},
	Volume = {310},
	Year = {1988},
	Bdsk-Url-1 = {http://dx.doi.org/10.1007/BFb0012852}}

@incollection{Ohlbach.2001.Handbook,
	Author = {Hans J{\"}rgen Ohlbach and Andreas Nonnengart and Maarten de Rijke and Dov M. Gabbay},
	Booktitle = arhandbook,
	Chapter = {21},
	Date-Added = {2012-03-03 10:41:42 -0500},
	Date-Modified = {2012-03-03 10:42:06 -0500},
	Editor = {Alan Robinson and Andrei Voronkov},
	Pages = {1403--1486},
	Publisher = {Elsevier Science B.V.},
	Title = {Encoding Two-Valued Non-Classical Logics in Classical Logic},
	Volume = {II},
	Year = {2001}}

@inproceedings{Avellone.2004.Goedel,
	Author = {Allesandro Avellone and Guido Fiorino and Ugo Moscato},
	Booktitle = {Kurt Goedel Society Collegium Logicum},
	Date-Added = {2012-03-03 10:37:40 -0500},
	Date-Modified = {2012-03-03 10:39:36 -0500},
	Pages = {17-33},
	Title = {A New {O}(n log n)-Space Decision Procedure for Propositional Intuitionistic Logic},
	Volume = {8},
	Year = {2004}}

@article{Avellone.2008.TCS,
	Author = {Alessandro Avellone and Guido Fiorino and Ugo Moscato},
	Date-Added = {2012-03-03 10:28:00 -0500},
	Date-Modified = {2012-03-03 10:30:10 -0500},
	Journal = tcs,
	Number = {1},
	Pages = {41--58},
	Title = {Optimization techniques for propositional intuitionistic logic and their implementation},
	Volume = {409},
	Year = {2008},
	Bdsk-Url-1 = {http://dx.doi.org/10.1016/j.tcs.2008.08.013}}

@inproceedings{Miller.2007.CSL,
	Author = {Dale Miller and Alexis Saurin},
	Booktitle = csl,
	Date-Added = {2012-03-03 08:49:11 -0500},
	Date-Modified = {2012-03-03 08:49:48 -0500},
	Editor = {Jacques Duparc and Thomas A. Henzinger},
	Pages = {405--419},
	Publisher = {Springer},
	Series = {Lecture Notes in Computer Science},
	Title = {From Proofs to Focused Proofs: {A} Modular Proof of Focalization in Linear Logic},
	Volume = {4646},
	Year = {2007},
	Bdsk-Url-1 = {http://dx.doi.org/10.1007/978-3-540-74915-8_31}}

@incollection{Maher.1999.LPP,
	Author = {Michael J. Maher},
	Booktitle = {The Logic Programming Paradigm: {A} Twenty-Five Year Perspective},
	Crossref = {Apt.1999.Book},
	Date-Added = {2012-03-03 08:43:20 -0500},
	Date-Modified = {2012-03-03 08:47:13 -0500},
	Title = {Adding constraints to logic-based formalisms}}

@book{Apt.1999.Book,
	Address = {Berlin},
	Date-Added = {2012-03-03 08:29:32 -0500},
	Date-Modified = {2012-03-03 08:41:59 -0500},
	Editor = {Krysztof R. Apt and Victor W. Marek and Marek Truszczy\'nski and David S. Warren},
	Publisher = {Springer-Verlag},
	Title = {The Logic Programming Paradigm: {A} Twenty-Five Year Perspective},
	Year = {1999}}

@article{Liang.2009.TCS,
	Author = {Chuck Liang and Dale Miller},
	Date-Added = {2012-03-03 08:15:52 -0500},
	Date-Modified = {2012-03-03 08:16:13 -0500},
	Journal = tcs,
	Number = {46},
	Pages = {4747--4768},
	Title = {Focusing and polarization in linear, intuitionistic, and classical logics},
	Volume = {410},
	Year = {2009},
	Bdsk-Url-1 = {http://dx.doi.org/10.1016/j.tcs.2009.1907.041}}

@techreport{Hurd.2003.Thesis,
	Author = {Joe Hurd},
	Date-Added = {2012-03-03 08:14:30 -0500},
	Date-Modified = {2012-03-03 08:14:30 -0500},
	Institution = {University of Cambridge, Computer Laboratory},
	Issn = {1476-2986},
	Month = jun,
	Number = {UCAM-CL-TR-567},
	Title = {Using inequalities as term ordering constraints},
	Year = {2003},
	Bdsk-Url-1 = {http://www.cl.cam.ac.uk/techreports/UCAM-CL-TR-567.pdf}}

@article{Raths.2007.JAR,
	Author = {Thomas Raths and Jens Otten and Christoph Kreitz},
	Date-Added = {2012-03-03 08:05:58 -0500},
	Date-Modified = {2012-03-03 08:06:29 -0500},
	Journal = jar,
	Number = {1-3},
	Pages = {261--271},
	Title = {The {ILTP} Problem Library for Intuitionistic Logic},
	Volume = {38},
	Year = {2007},
	Bdsk-Url-1 = {http://dx.doi.org/10.1007/s10817-006-9060-z}}

@article{Ershov.1958.CACM,
	Annote = {Describes a technique later called hash-consing, for sharing subtrees of arithmetic expressions. CACM printed a translation of the original article from a Russian journal.},
	Author = {A. P. Ershov},
	Date-Added = {2012-03-03 08:03:18 -0500},
	Date-Modified = {2012-03-03 08:04:44 -0500},
	Journal = cacm,
	Month = aug,
	Number = {8},
	Pages = {3--6},
	Title = {On programming of arithmetic operations},
	Volume = {1},
	Year = {1958},
	Bdsk-Url-1 = {http://dx.doi.org/10.1145/368892.368907}}

@phdthesis{Garg.2009.Thesis,
	Author = {Deepak Garg},
	Date-Added = {2012-03-02 16:36:29 -0500},
	Date-Modified = {2012-03-02 16:37:29 -0500},
	Note = {CMU-CS-09-168},
	School = {Carnegie Mellon University},
	Title = {Proof Theory for Authorization Logic and Its Application to a Practical File System},
	Year = {2009}}

@phdthesis{Chaudhuri.2006.Thesis,
	Author = {Kaustuv Chaudhuri},
	Date-Added = {2012-03-02 16:34:25 -0500},
	Date-Modified = {2012-03-02 16:34:43 -0500},
	Month = dec,
	Note = {Technical report CMU-CS-06-162},
	School = {Carnegie Mellon University},
	Title = {The Focused Inverse Method for Linear Logic},
	Year = {2006}}

@inproceedings{Chaudhuri.2005.CSL,
	Author = {Kaustuv Chaudhuri and Frank Pfenning},
	Booktitle = csl,
	Date-Added = {2012-03-02 16:33:01 -0500},
	Date-Modified = {2012-03-02 16:33:57 -0500},
	Editor = {C.-H. Luke Ong},
	Pages = {200--215},
	Series = lncs,
	Title = {Focusing the Inverse Method for Linear Logic},
	Volume = {3634},
	Year = {2005},
	Bdsk-Url-1 = {http://dx.doi.org/10.1007/11538363_15}}

@phdthesis{Howe.1998.Thesis,
	Author = {J. M. Howe},
	Date-Added = {2012-03-02 16:30:59 -0500},
	Date-Modified = {2012-03-02 16:31:35 -0500},
	Month = dec,
	Note = {Available as University of St Andrews Research Report CS/99/1},
	School = {University of St Andrews},
	Title = {Proof {S}earch {I}ssues in {S}ome {N}on-{C}lassical {L}ogics},
	Year = {1998}}

@article{Howe.2001.MSCS,
	Author = {Jacob M. Howe},
	Date-Added = {2012-03-02 16:28:59 -0500},
	Date-Modified = {2012-03-02 16:30:10 -0500},
	Journal = mscs,
	Number = {4},
	Pages = {573--588},
	Title = {Proof search in Lax Logic},
	Volume = {11},
	Year = {2001},
	Bdsk-Url-1 = {http://dx.doi.org/10.1017/S0960129501003334}}

@inproceedings{Otten.2005.Tableaux,
	Author = {Jens Otten},
	Booktitle = tableaux,
	Date-Added = {2012-03-02 16:09:34 -0500},
	Date-Modified = {2012-03-02 16:10:09 -0500},
	Editor = {Bernhard Beckert},
	Pages = {245--261},
	Publisher = {Springer},
	Series = {Lecture Notes in Computer Science},
	Title = {Clausal Connection-Based Theorem Proving in Intuitionistic First-Order Logic},
	Volume = {3702},
	Year = {2005},
	Bdsk-Url-1 = {http://dx.doi.org/10.1007/11554554_19}}

@phdthesis{Li.2008.Thesis,
	Author = {Zhen Li},
	Date-Added = {2012-03-02 16:04:32 -0500},
	Date-Modified = {2012-03-02 16:05:22 -0500},
	School = {University of Manchester},
	Title = {Efficient and generic reasoning for modal logics},
	Year = {2008}}

@inproceedings{Hustadt.1997.IJCAI,
	Author = {Ullrich Hustadt and Renate A. Schmidt},
	Bibdate = {2002-01-03},
	Bibsource = {DBLP, http://dblp.uni-trier.de/db/conf/ijcai/ijcai97.html#HustadtS97},
	Booktitle = ijcai,
	Date-Added = {2012-03-02 16:01:41 -0500},
	Date-Modified = {2012-03-02 16:02:49 -0500},
	Pages = {202--209},
	Title = {On Evaluating Decision Procedures for Modal Logic},
	Year = {1997}}

@inproceedings{Beckert.1998.CADE,
	Author = {Bernhard Beckert and Rajeev Gor\'e},
	Booktitle = cade,
	Date-Added = {2012-03-02 15:58:39 -0500},
	Date-Modified = {2012-03-02 15:58:59 -0500},
	Editor = {Claude Kirchner and H\'{e}l\`{e}ne Kirchner},
	Pages = {51--55},
	Publisher = {Springer-Verlag},
	Series = {LNCS},
	Title = {System Description: {leanK}~2.0},
	Volume = {1421},
	Year = {1998}}

@inproceedings{Beckert.1997.Tableaux,
	Author = {Bernhard Beckert and Rajeev Gor\'e},
	Booktitle = tableaux,
	Date-Added = {2012-03-02 15:52:35 -0500},
	Date-Modified = {2012-03-02 15:52:52 -0500},
	Pages = {91--106},
	Publisher = {Springer-Verlag},
	Series = {LNCS},
	Title = {Free Variable Tableaux for Propositional Modal Logics},
	Volume = {1227},
	Year = {1997}}

@inproceedings{Egly.2002.CADE,
	Author = {Uwe Egly},
	Booktitle = cade,
	Date-Added = {2012-03-02 15:09:55 -0500},
	Date-Modified = {2012-03-02 15:10:45 -0500},
	Editor = {Andrei Voronkov},
	Keywords = {embedding},
	Pages = {78--93},
	Publisher = {Springer},
	Series = {Lecture Notes in Computer Science},
	Title = {Embedding Lax Logic into Intuitionistic Logic},
	Volume = {2392},
	Year = {2002},
	Bdsk-Url-1 = {http://dx.doi.org/10.1007/3-540-45620-1_6}}

@article{Dershowitz.2007.TCL,
	Author = {Maria Paola Bonacina and Nachum Dershowitz},
	Date-Added = {2012-03-02 15:01:26 -0500},
	Date-Modified = {2012-03-02 15:07:17 -0500},
	Journal = tcl,
	Keywords = {implementation},
	Number = {1},
	Title = {Abstract canonical inference},
	Volume = {8},
	Year = {2007},
	Bdsk-Url-1 = {http://doi.acm.org/10.1145/1182613.1182619}}

@inproceedings{Thion.2002.Tableaux,
	Author = {Virginie Thion and Serenella Cerrito and Marta Cialdea Mayer},
	Booktitle = tableaux,
	Date-Added = {2012-03-02 14:43:06 -0500},
	Date-Modified = {2012-03-02 14:45:29 -0500},
	Editor = {Uwe Egly and Christian G. Ferm{\"u}ller},
	Pages = {266--280},
	Publisher = {Springer},
	Series = {Lecture Notes in Computer Science},
	Title = {A General Theorem Prover for Quantified Modal Logics},
	Volume = {2381},
	Year = {2002},
	Bdsk-Url-1 = {http://dx.doi.org/10.1007/3-540-45616-3_19}}

@article{Amati.1994.SL,
	Author = {Giambattista Amati and Fiora Pirri},
	Date-Added = {2012-03-02 14:38:58 -0500},
	Date-Modified = {2012-03-02 14:41:21 -0500},
	Journal = {Studia Logica},
	Number = {1},
	Pages = {29--60},
	Title = {A uniform tableau method for intuitionistic modal logics {I}},
	Volume = {53},
	Year = {1994},
	Bdsk-Url-1 = {http://dx.doi.org/10.1007/BF01053021}}

@article{Alechina.2006.JAL,
	Author = {Natasha Alechina and Dmitry Shkatov},
	Date-Added = {2012-03-02 14:35:14 -0500},
	Date-Modified = {2012-03-02 14:35:52 -0500},
	Journal = {Journal of Applied Logic},
	Number = {3},
	Pages = {219--230},
	Title = {A general method for proving decidability of intuitionistic modal logics},
	Volume = {4},
	Year = {2006},
	Bdsk-Url-1 = {http://dx.doi.org/10.1016/j.jal.2005.2006.007}}

@inproceedings{Otten.1996.KI,
	Author = {Jens Otten and Christoph Kreitz},
	Booktitle = {{KI}-96: Advances in Artificial Intelligence, 20th Annual German Conference on Artificial Intelligence},
	Date-Added = {2012-03-02 11:54:21 -0500},
	Date-Modified = {2012-03-02 11:55:12 -0500},
	Editor = {G{\"u}nther G{\"o}rz and Steffen H{\"o}lldobler},
	Pages = {307--319},
	Publisher = {Springer},
	Series = {Lecture Notes in Computer Science},
	Title = {A Uniform Proof Procedure for Classical and Non-Classical Logics},
	Volume = {1137},
	Year = {1996},
	Bdsk-Url-1 = {http://dx.doi.org/10.1007/3-540-61708-6_70}}

@incollection{Baaz.2001.Handbook,
	Author = {Matthias Baaz and Uwe Egly and Alexander Leitsch},
	Booktitle = arhandbook,
	Chapter = {5},
	Date-Added = {2012-03-02 11:43:30 -0500},
	Date-Modified = {2012-03-02 11:46:19 -0500},
	Editor = {Alan Robinson and Andrei Voronkov},
	Pages = {273--333},
	Publisher = {Elsevier Science},
	Title = {Normal Form Transformations},
	Volume = {1},
	Year = {2001}}

@techreport{Gurevich.2009.DKAL2,
	Author = {Yuri Gurevich and Itay Neeman},
	Date-Added = {2012-03-01 21:14:53 -0500},
	Date-Modified = {2012-03-01 21:16:20 -0500},
	Institution = {Microsoft Research},
	Month = {feb},
	Number = {MSR-TR-2009-11},
	Title = {DKAL 2 --- A Simplified and Improved Authorization Language},
	Year = {2009}}

@article{Gurevich.1911.TCL,
	Author = {Yuri Gurevich and Itay Neeman},
	Date-Added = {2012-03-01 21:09:32 -0500},
	Date-Modified = {2012-03-01 21:10:46 -0500},
	Journal = {ACM Transactions on Computational Logic},
	Number = {2},
	Pages = {9},
	Title = {Logic of infons: The propositional case},
	Volume = {12},
	Year = {2011},
	Bdsk-Url-1 = {http://doi.acm.org/10.1145/1877714.1877715}}

@inproceedings{Gurevich.2008.DKAL,
	Author = {Yuri Gurevich and Itay Neeman},
	Booktitle = {IEEE Computer Security Foundations Symposium (CSF)},
	Date-Added = {2012-03-01 21:06:28 -0500},
	Date-Modified = {2012-03-01 21:08:29 -0500},
	Pages = {149--162},
	Publisher = {IEEE Computer Society},
	Title = {{DKAL}: Distributed-Knowledge Authorization Language},
	Year = {2008},
	Bdsk-Url-1 = {http://doi.ieeecomputersociety.org/10.1109/CSF.2008.8}}

@inproceedings{Garg.2010.SSP,
	Author = {Deepak Garg and Frank Pfenning},
	Bibdate = {2010-07-13},
	Booktitle = {IEEE Symposium on Security and Privacy},
	Date-Added = {2012-03-01 21:00:04 -0500},
	Date-Modified = {2012-08-02 12:53:23 +0000},
	Pages = {349--364},
	Publisher = {IEEE Computer Society},
	Title = {A Proof-Carrying File System},
	Year = {2010},
	Bdsk-Url-1 = {http://doi.ieeecomputersociety.org/10.1109/SP.2010.28}}

@book{Troelstra.2000.ProofTheory,
	Address = {Cambridge, England},
	Author = {A. S. Troelstra and H. Schwichtenberg},
	Date-Added = {2012-03-01 17:51:22 -0500},
	Date-Modified = {2012-03-01 17:52:44 -0500},
	Edition = {Second},
	Publisher = {Cambridge University Press},
	Title = {Basic Proof Theory},
	Topic = {proof-theory;},
	Xref = {Review: dyckhoff:2001a.},
	Year = {2000}}

@article{Vorobev.1952.Doklady,
	Author = {Nikolai N. Vorob'ev},
	Date-Added = {2012-03-01 13:51:46 -0500},
	Date-Modified = {2012-03-01 13:53:08 -0500},
	Journal = {Doklady Akademii Nauk SSSR},
	Pages = {689-692},
	Title = {The derivability problem in the constructive propositional calculus with strong negation},
	Volume = {85},
	Year = {1952}}

@incollection{Mints.1993.ASL,
	Address = {Berlin},
	Author = {Grigori Mints},
	Booktitle = {Proc.\ of ASL Summer Meeting, Logic Colloquium '90, Helsinki, Finland, 15--22 July 1990},
	Date-Added = {2012-03-01 11:55:31 -0500},
	Date-Modified = {2012-03-02 14:21:04 -0500},
	Editor = {J. Oikkonen and J. V{\"a}{\"a}n{\"a}nen},
	Pages = {163--190},
	Publisher = {Springer-Verlag},
	Series = {Lecture Notes in Logic},
	Title = {{G}entzen-type systems and resolution rules, Part {II}: Predicate Logic},
	Volume = {2},
	Year = {1993}}

@incollection{Mints.1994.NATO,
	Address = {Berlin},
	Author = {Grigori Mints},
	Booktitle = {Proceedings NATO ASI on Constraint Programming, P{\"a}rnu, Estonia, 13--24 Aug 1993},
	Date-Added = {2012-03-01 11:54:17 -0500},
	Date-Modified = {2012-03-01 11:54:28 -0500},
	Editor = {B. Mayoh and E. Tyugu and J. Penjam},
	Pages = {289--311},
	Publisher = {Springer-Verlag},
	Series = {NATO ASI Series F},
	Title = {Resolution Strategies for the Intuitionistic Logic},
	Volume = {131},
	Year = {1994}}

@incollection{Voronkov.2001.Indexing,
	Author = {I. V. Ramakrishnan and R. C. Sekar and Andrei Voronkov},
	Bibdate = {2002-01-03},
	Bibsource = {DBLP, http://dblp.uni-trier.de/db/books/collections/RobinsonV01.html#RamakrishnanSV01},
	Booktitle = arhandbook,
	Date-Added = {2012-03-01 11:51:11 -0500},
	Date-Modified = {2012-03-01 11:52:03 -0500},
	Editor = {John Alan Robinson and Andrei Voronkov},
	Isbn = {0-444-50813-9; 0-262-18223-8},
	Pages = {1853--1964},
	Publisher = {Elsevier and MIT Press},
	Title = {Term Indexing},
	Year = {2001}}

@incollection{Shankar.1992.CADE,
	Address = {Berlin},
	Author = {Natarajan Shankar},
	Booktitle = cade,
	Date-Added = {2012-03-01 10:05:56 -0500},
	Date-Modified = {2012-03-01 10:07:03 -0500},
	Editor = {D. Kapur},
	Pages = {522--536},
	Publisher = {Springer-Verlag},
	Series = lnai,
	Title = {Proof Search in the Intuitionistic Sequent Calculus},
	Volume = {607},
	Year = {1992}}

@article{Tammet.1994.JAR,
	Author = {Tanel Tammet},
	Date-Added = {2012-03-01 09:55:13 -0500},
	Date-Modified = {2012-03-01 10:02:06 -0500},
	Journal = jar,
	Month = jun,
	Number = {3},
	Pages = {273--304},
	Title = {Proof Strategies in Linear Logic},
	Volume = {12},
	Year = {1994}}

@inproceedings{Tammet.1998.CADE,
	Address = {Berlin},
	Author = {Tanel Tammet},
	Booktitle = cade,
	Date-Added = {2012-03-01 09:28:28 -0500},
	Date-Modified = {2012-03-01 09:50:28 -0500},
	Editor = {Claude Kirchner and H{\'e}l{\`e}ne Kirchner},
	Isbn = {3-540-64675-2},
	Month = jul # {~5--10},
	Pages = {427--441},
	Publisher = {Springer},
	Series = {LNAI},
	Title = {Towards Efficient Subsumption},
	Volume = {1421},
	Year = {1998}}

@inproceedings{Tammet.1997.Godel,
	Author = {Tanel Tammet},
	Booktitle = {Computational Logic and Proof Theory, 5th Kurt {G}{\"o}del Colloquium, {KGC}'97, Vienna, Austria, August 25-29, 1997, Proceedings},
	Editor = {Georg Gottlob and Alexander Leitsch and Daniele Mundici},
	Pages = {65--83},
	Publisher = {Springer},
	Series = {Lecture Notes in Computer Science},
	Title = {Resolution, Inverse Method and the Sequent Calculus},
	Volume = {1289},
	Year = {1997}}

@inproceedings{Mints.1988.COLOG,
	Author = {Grigori Mints},
	Booktitle = {Conference on Computer Logic (1988)},
	Editor = {Per Martin-L{\"o}f and Grigori Mints},
	Pages = {198--231},
	Publisher = {Springer},
	Series = {Lecture Notes in Computer Science},
	Title = {Gentzen-type systems and resolution rules. Part {I}. Propositional logic},
	Volume = {417},
	Year = {1990}}

@article{Mints.1993.JLLI,
	Author = {Gregori Mints},
	Journal = {Journal of Logic, Language, and Information},
	Number = {1},
	Pages = {59--83},
	Title = {Resolution Calculus for the First Order Linear Logic},
	Volume = {2},
	Year = {1993}}

@article{Andreoli.1992.JLC,
	Author = {Jean-Marc Andreoli},
	Date-Added = {2011-11-22 21:37:21 -0500},
	Date-Modified = {2011-11-22 21:37:49 -0500},
	Journal = jlc,
	Number = {3},
	Pages = {297--347},
	Title = {Logic Programming with Focusing Proofs in Linear Logic},
	Volume = {2},
	Year = {1992}}

@article{Hudelmaier.1993.JLC,
	Author = {J{\"o}rg Hudelmaier},
	Date-Added = {2011-11-22 20:26:41 -0500},
	Date-Modified = {2012-03-02 15:07:52 -0500},
	Journal = jlc,
	Keywords = {prop},
	Title = {On {O}(n log n)-Space Decision Procedure for Intuitionistic Propositional Logic},
	Volume = {3},
	Year = {1993}}

@article{Dyckhoff.1992.JSL,
	Author = {Roy Dyckhoff},
	Date-Added = {2011-11-22 20:16:50 -0500},
	Date-Modified = {2012-03-02 15:07:55 -0500},
	Journal = {Journal of Symbolic Logic},
	Keywords = {prop},
	Pages = {795--807},
	Title = {Contraction-free sequent calculi for intuitionistic logic},
	Volume = {57},
	Year = {1992}}

@book{Gentzen.1969.Collected,
	Author = {Gerhard Gentzen},
	Note = {Edited by M. E. Szabo},
	Publisher = {North Holland},
	Title = {The Collected Papers of Gerhard Gentzen},
	Year = 1969}

@article{Gentzen.1934.MZ,
	Author = {Gerhard Gentzen},
	Journal = {Mathematische Zeitschrift},
	Note = {Translated in \emph{The Collected Papers of Gerhard Gentzen}~\cite{Gentzen.1969.Collected}},
	Pages = {176--210 and 405--431},
	Title = {Untersuchungen {\"{u}}ber das logische {S}chlie{\ss}en},
	Volume = 39,
	Year = 1934}

@incollection{Voronkov.2001.Handbook,
	Author = {Anatoli Degtyarev and Andrei Voronkov},
	Booktitle = ARHandbook,
	Chapter = 4,
	Crossref = {Robinson.2001.Handbook},
	Date-Modified = {2012-04-25 11:54:31 -0400},
	Pages = {179--272},
	Title = {The inverse method},
	Volume = {I}}

@incollection{Bachmair.2001.Handbook,
	Author = {Leo Bachmair and Harald Ganzinger},
	Booktitle = ARHandbook,
	Chapter = 2,
	Crossref = {Robinson.2001.Handbook},
	Pages = {19--99},
	Title = {Resolution theorem proving},
	Volume = {I},
	Year = 2001}

@article{Robinson.1965.JACM,
	Author = {J. Alan Robinson},
	Date-Added = {2011-01-15 10:04:55 -0500},
	Date-Modified = {2011-01-15 10:05:26 -0500},
	Journal = JACM,
	Pages = {23--41},
	Title = {A machine-oriented logic based on the resolution principle},
	Volume = 12,
	Year = 1965}

@article{Mints.1993.LLI,
	Author = {Grigori Mints},
	Date-Added = {2011-01-15 09:28:11 -0500},
	Date-Modified = {2011-01-15 09:28:47 -0500},
	Journal = {Journal of logic, language, and information},
	Number = 1,
	Pages = {59--83},
	Title = {Resolution calculus for the first order linear logic},
	Volume = 2,
	Year = 1993}

@book{Bird.1998.IntroToFP,
	Author = {Richard Bird},
	Date-Added = {2011-01-15 09:15:30 -0500},
	Date-Modified = {2011-01-15 10:10:04 -0500},
	Edition = {2nd},
	Publisher = {Prentice-Hall},
	Title = {Introduction to functional programming using Haskell},
	Year = 1998}

@book{Wallen.1990.Book,
	Author = {Lincoln A. Wallen},
	Date-Added = {2010-11-26 06:36:52 -0500},
	Date-Modified = {2012-03-01 12:08:11 -0500},
	Publisher = {M.I.T. Press},
	Title = {Automated deduction in non-classical logics : efficient matrix proof methods for modal and intuitionistic logics},
	Year = 1990}

@phdthesis{Brouwer.1907.Thesis,
	Author = {L.E.J Brouwer},
	Date-Added = {2010-11-23 06:50:15 -0500},
	Date-Modified = {2010-11-23 06:51:23 -0500},
	School = {University of Amsterdam},
	Title = {Over de Grondslagen der Wiskunde},
	Year = 1907}

@incollection{Howard.1980.CurryHoward,
	Author = {William A. Howard},
	Booktitle = {To H.B. Curry: Essays on combinatory logic, lambda-calculus and formalism},
	Date-Added = {2010-11-07 13:34:31 -0500},
	Date-Modified = {2010-11-07 13:34:57 -0500},
	Editors = {Jonathan P. Seldin and J. Roger Hindley},
	Key = {Howard 80},
	Pages = {479--490},
	Publisher = {Academic press},
	Title = {The formulas-as-types notion of construction},
	Year = 1980}

@book{Harrison.2009.Handbook,
	Author = {John Harrison},
	Date-Added = {2010-11-07 11:33:34 -0500},
	Date-Modified = {2010-11-07 11:34:40 -0500},
	Publisher = {Cambridge University Press},
	Title = {Handbook of practical logic and automated reasoning},
	Year = 2009}

@book{Mackenzie.2001.Mechanizing,
	Author = {Donald MacKenzie},
	Date-Added = {2010-11-07 11:15:34 -0500},
	Date-Modified = {2010-11-07 11:15:47 -0500},
	Publisher = {MIT},
	Title = {Mechanizing proof},
	Year = 2001}

@incollection{Davis.2001.History,
	Author = {Martin Davis},
	Booktitle = ARHandbook,
	Chapter = {1},
	Crossref = {Robinson.2001.Handbook},
	Date-Added = {2010-11-07 10:36:15 -0500},
	Date-Modified = {2010-11-07 10:46:44 -0500},
	Pages = {3--15},
	Title = {The early history of automated deduction},
	Volume = {I}}

@book{Robinson.2001.Handbook,
	Date-Added = {2010-11-07 10:34:09 -0500},
	Date-Modified = {2010-11-07 10:34:45 -0500},
	Editor = {J. Alan Robinson and Andrei Voronkov},
	Publisher = {Elsevier},
	Title = ARHandbook,
	Year = 2001}

@article{Maslov.1964.Inverse,
	Author = {Sergey Yu. Maslov},
	Journal = {Soviet Mathematical Doklady},
	Pages = {1420--1424},
	Title = {An inverse method for establishing deducibility in classical predicate calculus},
	Volume = {5},
	Year = 1964}

@inproceedings{Buch.1996.DISCS,
	Author = {Arnim Buch and Thomas Hillenbrand and Roland Fettig},
	Booktitle = {Design and implementation of symbolic computation systems},
	Date-Added = {2010-11-01 20:01:05 -0400},
	Date-Modified = {2011-01-15 10:11:00 -0500},
	Editor = {Jacques Calmet and Carla Limongelli},
	Pages = {63--64},
	Publisher = Springer,
	Series = LNCS,
	Title = {{Waldmeister}: High performance equational theorem proving},
	Volume = {1128},
	Year = 1996,
	Bdsk-Url-1 = {http://dx.doi.org/10.1007/3-540-61697-7_6}}

@inproceedings{Moura.2008.TACAS,
	Author = {Leonardo de Moura and Nikolaj Bj{\o}rner},
	Booktitle = TACAS,
	Date-Added = {2010-11-01 19:57:24 -0400},
	Date-Modified = {2010-11-01 20:03:47 -0400},
	Pages = {337--340},
	Publisher = Springer,
	Series = LNCS,
	Title = {{Z3}: An efficient {SMT} solver},
	Volume = 4963,
	Year = 2008}

@book{Schumann.2000.ATP,
	Author = {Johann Schumann},
	Date-Added = {2010-11-01 19:47:49 -0400},
	Date-Modified = {2010-11-01 19:48:42 -0400},
	Publisher = Springer,
	Title = {Automated theorem proving in software engineering},
	Year = 2000}

@book{Harmelen.2008.Handbook,
	Date-Added = {2010-11-01 07:46:29 -0400},
	Date-Modified = {2010-11-01 19:50:13 -0400},
	Editor = {Frank van Harmelen and Vladimir Lifschitz and Bruce Porter},
	Publisher = {Elsevier},
	Title = {Handbook of knowledge representation},
	Year = 2008}

@inproceedings{Balsiger.1998.Tableaux,
	Address = {Berlin},
	Author = {Peter Balsiger and Alain Heuerding},
	Booktitle = tebleaux,
	Editor = {Harrie de Swart},
	Pages = {25--26},
	Publisher = {Springer},
	Series = {LNAI},
	Title = {Comparison of Theorem Provers for Modal Logics: Introduction and Summary},
	Volume = 1397,
	Year = 1998}

@inproceedings{McLaughlin.2009.CADE,
	Author = {Sean McLaughlin and Frank Pfenning},
	Booktitle = cade,
	Editor = {Renate A. Schmidt},
	Pages = {230--244},
	Publisher = {Springer},
	Series = {LNCS},
	Title = {Efficient Intuitionistic Theorem Proving with the Polarized Inverse Method},
	Volume = {5663},
	Year = {2009}}

@inproceedings{McLaughlin.2008.LPAR,
	Author = {Sean McLaughlin and Frank Pfenning},
	Booktitle = lpar,
	Editor = {Iliano Cervesato et al.},
	Pages = {174--181},
	Series = {LNCS},
	Title = {Imogen: Focusing the Polarized Focused Inverse Method for Intuitionistic Propositional Logic},
	Volume = {5330},
	Year = {2008}}

@book{Gabbay.2000.LabelledDeduction,
	Editor = {David Basin and Marcello D'Agostino and Dov M. Gabbay and Se{\'a}n Matthews and Luca Vigan{\`o}},
	Publisher = {Kluwer Academic Publishers},
	Title = {Labelled Deduction},
	Year = {2000}}

@inproceedings{Abadi.1986.CADE,
	Author = {M. Abadi and Z. Manna},
	Booktitle = cade,
	Editor = {J{\"o}rg H. Siekmann},
	Pages = {172--189},
	Publisher = {Springer},
	Series = {LNCS},
	Title = {Modal theorem proving},
	Volume = {230},
	Year = {1986}}

@book{Hughes.1996.IntroModal,
	Author = {G. E. Hughes and M. J. Cresswell},
	Publisher = {Routledge},
	Title = {A New Introduction to Modal Logic},
	Year = {1996}}

@book{Prawitz.1965.ND,
	Address = {Stockholm},
	Author = {Dag Prawitz},
	Publisher = {Almqvist and Wiksell},
	Title = {Natural Deduction: {A} Proof Theoretical Study},
	Year = {1965}}

@inproceedings{Weeks.2006.ML,
	Author = {Stephen Weeks},
	Booktitle = {Proceedings of the {ACM} Workshop on {ML}, 2006, Portland, Oregon, {USA}, September 16, 2006},
	Editor = {Andrew Kennedy and Fran{\c c}ois Pottier},
	Isbn = {1-59593-483-9},
	Pages = {1},
	Publisher = {ACM},
	Title = {Whole-program compilation in {ML}ton},
	Year = {2006}}

@article{Comon.1989.JSC,
	Author = {H. Comon and P. Lescanne},
	Journal = {Journal of Symbolic Computation},
	Pages = {371--426},
	Title = {Equational problems and disunification.},
	Volume = {3--4(7)},
	Year = {1989}}

@inproceedings{Jaffar.1987.POPL,
	Address = {Munich, West Germany},
	Author = {J. Jaffar and J.-L. Lassez},
	Booktitle = {Conference Record of the 14th Annual ACM Symposium on Principles of Programming Languages},
	Pages = {111--119},
	Title = {Constraint logic programming},
	Year = {1987}}

@incollection{Kirchner.1995.Constraints,
	Author = {H{\'e}l{\`e}ne Kirchner},
	Booktitle = {Constraint Programming: Basics and Trends},
	Editor = {A. Podelski},
	Pages = {128--146},
	Publisher = {Springer},
	Series = {LNCS},
	Title = {On the Use of Constraints in Automated Deduction},
	Volume = {910},
	Year = {1995}}

@inproceedings{Lassez.1990.LICS,
	Author = {Jean-Louis Lassez and Ken McAloon},
	Booktitle = {LICS'90: Proceedings 5th IEEE Symposium on Logic in Computer Science},
	Pages = {52--61},
	Publisher = {IEEE Computer Society Press},
	Title = {A Constraint Sequent Calculus},
	Year = {1990}}

@article{Andreoli.2001.APAL,
	Author = {Jean-Marc Andreoli},
	Journal = {Annals of Pure and Applied Logic},
	Number = {1--3},
	Pages = {131--163},
	Title = {Focussing and Proof Construction},
	Volume = 107,
	Year = 2001}

@unpublished{Garg.2005.Sandstorm,
	Author = {Deepak Garg and Tom Murphy and Greg Price and Jason Reed and Noam Zeilberger},
	Note = {\url{http://www.cs.cmu.edu/~tom7/papers/}},
	Title = {Team Red: The {S}andstorm Theorem Prover}}

@inproceedings{Avellone.2007.PITP,
	Author = {Alessandro Avellone and Guido Fiorino and Ugo Moscato},
	Booktitle = tableaux,
	Editor = {Nicola Olivetti},
	Pages = {233--237},
	Publisher = {Springer},
	Series = {LNCS},
	Title = {Improvements to the Tableau Prover {PITP}},
	Volume = {4548},
	Year = {2007}}

@techreport{Sahlin.1989.SICS,
	Author = {Dan Sahlin},
	Date-Modified = {2012-05-04 19:22:35 +0000},
	Institution = {SICS},
	Month = oct,
	Number = {R89001},
	Title = {An Intuitionistic Predicate Logic Theorem Prover},
	Year = {1989}}

@inproceedings{Miller.2007.Focusing,
	Author = {Chuck Liang and Dale Miller},
	Booktitle = csl,
	Editor = {Jacques Duparc and Thomas A. Henzinger},
	Pages = {451--465},
	Publisher = {Springer},
	Title = {Focusing and Polarization in Intuitionistic Logic},
	Year = {2007}}

@inproceedings{Fairtlough.1994.CSL,
	Author = {Matt Fairtlough and Michael Mendler},
	Booktitle = {CSL},
	Editor = {Leszek Pacholski and Jerzy Tiuryn},
	Pages = {354--368},
	Publisher = {Springer},
	Series = lncs,
	Title = {An Intuitionistic Modal Logic with Applications to the Formal Verification of Hardware},
	Volume = {933},
	Year = {1994}}

@inproceedings{Chaudhuri.2006.IJCAR,
	Author = {Kaustuv Chaudhuri and Frank Pfenning and Greg Price},
	Booktitle = ijcar,
	Editor = {U. Furbach and N. Shankar},
	Pages = {97--111},
	Publisher = {Springer},
	Title = {A Logical Characterization of Forward and Backward Chaining in the Inverse Method},
	Year = {2006}}

@incollection{Hahnle.2001.Tableaux,
	Author = {R. H{\"a}hnle},
	Booktitle = {Handbook of Automated Reasoning},
	Chapter = {3},
	Date-Modified = {2012-04-25 11:54:25 -0400},
	Editor = {A. Robinson and A. Voronkov},
	Pages = {100--178},
	Publisher = {Elsevier Science},
	Title = {Tableaux and Related Methods},
	Volume = {I},
	Year = {2001}}

@techreport{Avellone.2003.IPTP,
	Author = {Alessandro Avellone and Guido Fiorino and Ugo Moscato},
	Institution = {Dipartimento di Informatica e Automazione, Universit{\`a} degli Studi di Roma 3},
	Key = {RT-DIA-80-2003},
	Note = {pages 14-22},
	Title = {A Parallel Implementation of a Decision Procedure for Propositional Intuitionistic Logic},
	Year = 2003}

@inproceedings{LarcheyWendling.2001.STRIP,
	Author = {Dominique Larchey-Wendling and Dominique M{\'e}ry and Didier Galmiche},
	Booktitle = ijcar,
	Editor = {Rajeev Gor{\'e} and Alexander Leitsch and Tobias Nipkow},
	Pages = {696--700},
	Publisher = {Springer},
	Series = {LNCS},
	Title = {{STRIP}: Structural Sharing for Efficient Proof-Search},
	Volume = 2083,
	Year = 2001}
