@article{cervesato13substructural,
  author =       "Iliano Cervesato and Thierry Sans",
  title =        "Substructural Meta-Theory of a Type-Safe Language
                  for Web Programming",
  journal =      "Fundamenta Informaticae",
  year =         2013,
  annote =       "Accepted for publication",
}
