%% This BibTeX bibliography file was created using BibDesk.
%% http://bibdesk.sourceforge.net/

%% Created for Mclaughlin, Sean at 2015-12-28 18:11:12 -0500 


%% Saved with string encoding Unicode (UTF-8) 


@string{lics95 = {10th Symp.\ on Logic in Computer Science}}

@string{tocl = {ACM Trans.\ on Computational Logic}}


@inproceedings{Riazanov.1999.Vampire,
	Address = {Berlin},
	Author = {Alexandre Riazanov and Andrei Voronkov},
	Booktitle = {Proceedings of the 16th International Conference on Automated Deduction ({CADE}-16-99)},
	Date-Added = {2015-12-28 23:09:36 +0000},
	Date-Modified = {2015-12-28 23:10:22 +0000},
	Editor = {Harald Ganzinger},
	Isbn = {3-540-66222-7},
	Month = jul # {~7--10},
	Pages = {292--296},
	Publisher = {Springer},
	Series = {LNAI},
	Title = {Vampire},
	Volume = {1632},
	Year = {1999}}

@inproceedings{TABLEAUX98*187,
	Address = {Berlin},
	Author = {Ullrich Hustadt and Renate A. Schmidt},
	Booktitle = {Proceedings of the International Conference on Automated Reasoning with Analytic Tableaux and Related Methods},
	Pages = {187--201},
	Publisher = {Springer},
	Series = {LNAI},
	Title = {Simplification and Backjumping in Modal Tableau},
	Volume = {1397},
	Year = {1998}}

@inproceedings{pfenning95lics,
	Address = {San Diego, California},
	Author = {Frank Pfenning},
	Booktitle = lics95,
	Organization = {IEEE Computer Society Press},
	Pages = {156--166},
	Title = {Structural Cut Elimination},
	Year = {1995}}

@article{pfenning00ic,
	Author = {Frank Pfenning},
	Journal = {Information and Computation},
	Month = mar,
	Number = {1/2},
	Pages = {84--141},
	Title = {Structural Cut Elimination {I}. {I}ntuitionistic and Classical Logic},
	Volume = 157,
	Year = 2000}

@article{simmons14tocl,
	Author = {Robert J. Simmons},
	Doi = {10.1145/2629678},
	Journal = tocl,
	Number = 3,
	Pages = 21,
	Title = {Structural Focalization},
	Volume = 15,
	Year = 2014,
	Bdsk-Url-1 = {http://dx.doi.org/10.1145/2629678}}
