% This file was created with JabRef 2.9.2.
% Encoding: ISO8859_1

@BOOK{Lukasiewicz.1957.AristotlesSyllogisticFromTheStandpointOfModernFormalLogic,
  title = {Aristotle's syllogistic from the standpoint of modern formal logic},
  publisher = {Clarendon Press, Oxford},
  year = {1957},
  author = {Jan {\L{}}ukasiewicz},
  edition = {2nd},
  keywords = {ModalLogic, Refutations}
}

@ARTICLE{Goranko.1994.RefutationSystemsInModalLogic,
  author = {Valentin Goranko},
  title = {Refutation systems in modal logic},
  journal = {Studia Logica},
  year = {1994},
  volume = {53},
  pages = {299--324},
  number = {2},
  keywords = {Refutations, ModalLogic}
}

@INPROCEEDINGS{Pinto.1995.LoopFreeConstructionOfCounterModelsForIntuitionisticPropositionalLogic,
  author = {Luis Pinto and Roy Dyckhoff},
  title = {Loop-free construction of counter-models for intuitionistic propositional
	logic},
  booktitle = {Symposia Gaussiana, Conference~A},
  year = {1995},
  editor = {Behara and Fritsch and Lintz},
  pages = {225--232},
  publisher = {Walter de Gruyter, Berlin},
  keywords = {Refutations, IntuitionisticLogic}
}

@INPROCEEDINGS{Tiomkin.1988.ProvingUnprovability,
  author = {Michael L. Tiomkin},
  title = {Proving unprovability},
  booktitle = {LICS},
  year = {1988},
  pages = {22--26},
  bibdate = {2012-01-20},
  keywords = {Refutations},
}
