
@InProceedings{Dershowitz.1979.ALP,
  title =	"Proving termination with Multiset Orderings",
  author =	"Nachum Dershowitz and Zohar Manna",
  editor =	"Hermann A. Maurer",
  booktitle =	"Automata, Languages and Programming, 6th Colloquium",
  address =	"Graz, Austria",
  year = 	"1979",
  series =	"Lecture Notes in Computer Science",
  volume =	"71",
  publisher =	"Springer-Verlag",
  pages =	"188--202",
}

@article{Dyckhoff.1992.JSL,
	Author = {Roy Dyckhoff},
	Date-Added = {2011-11-22 20:16:50 -0500},
	Date-Modified = {2012-03-02 15:07:55 -0500},
	Journal = {Journal of Symbolic Logic},
	Keywords = {prop},
	Pages = {795--807},
	Title = {Contraction-free sequent calculi for intuitionistic logic},
	Volume = {57},
	Year = {1992}}

@inproceedings{Dyckhoff.1995.SG,
	Author = {Luis Pinto and Roy Dyckhoff},
	Booktitle = {Symposia Gaussiana, Conference~A},
	Date-Added = {2012-05-04 17:36:56 +0000},
	Date-Modified = {2012-05-04 17:46:45 +0000},
	Editor = {Behara and Fritsch and Lintz},
	Pages = {225--232},
	Publisher = {Walter de Gruyter, Berlin},
	Title = {Loop-free construction of counter-models for intuitionistic propositional logic},
	Year = {1995}}
