%% This BibTeX bibliography file was created using BibDesk.
%% http://bibdesk.sourceforge.net/


%% Created for Sean Mclaughlin at 2013-06-18 09:38:53 -0400 


%% Saved with string encoding Unicode (UTF-8) 



@inproceedings{Pfenning.1984.CADE,
	Address = {Napa, California},
	Author = {Frank Pfenning},
	Booktitle = {Proceedings of the 7th Conference on Automated Deduction},
	Date-Added = {2013-06-18 13:37:35 +0000},
	Date-Modified = {2013-06-18 13:38:02 +0000},
	Editor = {R. E. Shostak},
	Month = may,
	Pages = {394--413},
	Publisher = {Springer-Verlag LNCS 170},
	Title = {Analytic and Non-Analytic Proofs},
	Year = {1984}}

@book{Troelstra.2000.ProofTheory,
	Address = {Cambridge, England},
	Author = {A. S. Troelstra and H. Schwichtenberg},
	Date-Added = {2013-06-16 18:11:01 +0000},
	Date-Modified = {2013-06-16 18:11:01 +0000},
	Edition = {Second},
	Publisher = {Cambridge University Press},
	Title = {Basic Proof Theory},
	Topic = {proof-theory;},
	Xref = {Review: dyckhoff:2001a.},
	Year = {2000}}

@url{SEP.2013.DevelopmentOfIntuitionisticLogic,
	Author = {{Stanford Encyclopedia of Philosophy}},
	Date-Added = {2013-06-16 15:49:55 +0000},
	Date-Modified = {2013-06-16 15:54:38 +0000},
	Howpublished = {\url{http://plato.stanford.edu/entries/intuitionistic-logic-development}},
	Title = {The Development of Intuitionistic Logic},
	Year = {2013}}

@misc{Dyckhoff.1997.LJT,
	Author = {Roy Dyckhoff},
	Date-Added = {2013-06-10 13:43:24 +0000},
	Date-Modified = {2013-06-10 13:43:24 +0000},
	Title = {A Prolog implementation of {LJT}},
	Url = {http://www.cs.st-andrews.ac.uk/~rd/logic/nonmac/LJT.pl.html},
	Year = {1997},
	Bdsk-Url-1 = {http://www.cs.st-andrews.ac.uk/~rd/logic/nonmac/LJT.pl.html}}

@article{Dyckhoff.1992.JSL,
	Author = {Roy Dyckhoff},
	Date-Added = {2013-06-10 13:43:41 +0000},
	Date-Modified = {2013-06-10 13:43:41 +0000},
	Journal = {Journal of Symbolic Logic},
	Keywords = {prop},
	Pages = {795--807},
	Title = {Contraction-free sequent calculi for intuitionistic logic},
	Volume = {57},
	Year = {1992}}

@book{Kleene.1952.Metamathematics,
	Address = {New York},
	Author = {S. C. Kleene},
	Date-Added = {2013-06-10 13:45:37 +0000},
	Date-Modified = {2013-06-10 13:45:56 +0000},
	Publisher = {Van Nostrand},
	Title = {Introduction to Metamathematics},
	Year = {1952}}

@inproceedings{Dyckhoff.1995.SG,
	Author = {Luis Pinto and Roy Dyckhoff},
	Booktitle = {Symposia Gaussiana, Conference~A},
	Date-Added = {2013-06-10 13:43:49 +0000},
	Date-Modified = {2013-06-10 13:43:49 +0000},
	Editor = {Behara and Fritsch and Lintz},
	Pages = {225--232},
	Publisher = {Walter de Gruyter, Berlin},
	Title = {Loop-free construction of counter-models for intuitionistic propositional logic},
	Year = {1995}}
